2132 3788
146 213 226 300 37⁶²
270 204 757 293 SENNAcHenln3

145 331 210 390 Tuo
222 327 274 390 tibi
283 332 441 393 auxiliante
451 329 640 408 nequicquam
647 330 726 388 Deo.

144 429 235 492 Illum
243 454 383 514 reponens
394 435 469 496 inter
481 431 595 511 All‘yriae
603 434 685 492 Deos

145 535 240 596 Volui
249 537 403 616 impetrare
417 579 427 609 ‚
443 555 479 596 ne
492 531 702 596 mihiadversus
711 526 809 602 lotet3

144 638 291 717 staretque
304 639 414 701 medius
423 634 565 718 ,partibus
573 634 681 696 neutris
690 630 799 694 fovens.

144 742 203 802 Sed
213 743 291 821 quod
301 739 452 823 petebam,
466 741 598 820 quodque
609 738 753 800 donabam
766 729 886 808 abnuitg

144 847 257 908 Medius
267 849 372 909 recusat
382 849 444 909 elle.
458 890 465 906 .
481 849 677 924 ‚Quamquam
689 841 756 920 quid
768 833 885 916 loquor!

145 955 229 1012 Forte
238 951 384 1031 impetrari
394 950 540 1033 quidpiam
547 949 636 1030 majus
648 943 755 1027 potest.
968 944 971 949 '

146 1060 231 1118 Hunc
244 1057 317 1119 forte
334 1059 460 1138 Solymis
472 1055 588 1118 reddere
600 1047 819 1112 infensumlieet
834 1066 847 1117 5

145 1159 234 1218 Suam
245 1159 297 1220 ille
309 1178 427 1242 gentem
439 1159 550 1232 ,aliena
562 1154 714 1216 sedantem
725 1150 803 1211 sacra

146 1264 183 1325 Et
192 1263 262 1344 saepe
273 1281 366 1325 totam
378 1281 494 1344 propter
505 1261 667 1338 aliquorum
677 1256 766 1330 scelus

144 1369 208 1439 'Aut
216 1368 275 1447 lpse
289 1369 388 1448 pledtit
398 1408 408 1440 ,
418 1384 467 1427 aut
476 1386 526 1446 per
535 1363 652 1424 hostiles
659 1378 737 1422 amat

145 1471 253 1532 Punite
262 1471 383 1553 gladios.
397 1473 497 1549 Quam
509 1468 582 1530 mihi
594 1469 629 1529 ad
638 1468 773 1546 Solymos
784 1460 867 1526 viam
957 1500 961 1506 ·

95 1597 103 1600 “
146 1575 268 1655 Aperit,
280 1567 435 1653 sequamur.
451 1579 604 1655 Quotquot
613 1574 644 1633 in
651 1571 755 1645 vinclis
768 1568 866 1651 jacent

148 1678 241 1739 Cultu
253 1698 374 1741 avocare
384 1681 478 1759 patrio
487 1679 608 1741 Isaeidas
619 1679 716 1760 juvat,

148 1779 212 1843 Hele
223 1800 282 1844 arte
291 1783 370 1865 genti
378 1782 427 1844 fiet
435 1784 556 1843 infensus
565 1781 616 1842 suae

148 1886 235 1946 Deus
244 1886 296 1948 ille
305 1886 412 1949 vindex
422 1929 434 1960 ‚
443 1888 496 1948 ille
509 1886 607 1949 rivalis
614 1889 695 1951 Deus
706 1906 717 1959 3

146 1988 298 2069 Ipsamque
312 1992 417 2065 nobis,
429 1991 696 2070 utmeoquondam
711 1991 786 2072 patri
813 2022 815 2027 >

148 2094 217 2152 Forsv
229 2094 403 2173 puniendam
415 2094 528 2167 tradet}
540 2117 573 2156 ac
585 2094 702 2155 tandem
711 2091 787 2155 meis

147 2192 260 2261 Invitus
272 2194 346 2256 odiis
356 2196 482 2261 serviet..
494 2239 503 2255 .
515 2198 644 2270 Narbal,
655 2196 715 2258 cito

150 2278 270 2376 Capelle
279 2299 345 2376 juffa
359 2304 407 2359 ζ..
423 2301 548 2361 Carcere
559 2300 682 2362 inclusos
692 2300 740 2361 adi

151 2398 264 2458 Omnes
276 2401 419 2478 Hebraeos.
428 2398 523 2464 Thura
532 2404 581 2482 qui
592 2402 693 2465 nostrie
704 2402 806 2465 volent

147 2499 278 2581 'Adolere
292 2500 383 2583 divis,
400 2525 511 2566 carcere
521 2523 670 2586 exemptos
680 2505 774 2567 statim
873 2590 877 2599 x

148 2601 276 2663 Dimitte
289 2623 300 2674 ς
313 2611 340 2677 &
360 2605 396 2667 ad
406 2606 582 2670 menomina
595 2608 714 2669 illorum
724 2610 805 2672 refer.
815 2616 825 2670 ζ
836 2619 847 2670 ῑ
865 2660 872 2667 .

148 2698 230 2765 Fiant
241 2705 366 2780 seelesti;
376 2725 408 2769 ut
421 2708 514 2793 gentis
527 2709 649 2772 exitium
662 2710 775 2773 traham

150 2808 306 2891 Pereatque
321 2813 450 2893 Solyma,
460 2819 487 2874 ἀ
496 2832 547 2893 per
559 2813 639 2878 suum
649 2830 745 2898 pereat
752 2814 867 2890 Deum

453 2986 566 3077 ἨΒ
