2132 3788
146 215 227 302 eya:
271 209 757 299 saumonem
858 327 862 334 .

145 333 210 392 Tuo
222 330 274 392 tibi
284 335 441 395 auxiliante
451 333 640 412 nequicquam
647 335 726 393 Deo.

144 430 235 494 Illum
243 457 383 516 reponens
394 438 469 499 inter
481 435 595 515 Affyriae
602 438 685 496 Deos

145 536 240 598 Volui
249 539 402 618 impetrare
417 582 427 612 ‚
442 558 479 599 ne
492 536 566 598 mihi
572 536 701 600 adversus
711 531 808 607 foret3

143 640 291 719 Starerque
303 640 564 721 medius‚partibus
573 639 681 700 neutris
689 634 798 698 favens.
841 634 844 639 ⁴

144 743 202 803 Sed
213 745 290 823 quod
300 742 452 825 qierebam,
465 745 597 824 quodque
608 742 752 804 donabam
765 734 884 814 abnuie;

144 849 257 910 Medius
266 851 371 911 recusat
381 852 443 912 effe.
457 893 465 909 .
480 852 676 927 ‚Quamquam
687 846 755 924 quid
767 838 883 921 loquor!

144 956 228 1013 Forte
237 953 383 1032 impetrari
393 953 539 1036 quidpiam
546 953 635 1034 majus
647 948 755 1031 potest.

145 1061 230 1120 Hunc
243 1059 315 1121 forte
333 1061 459 1141 Solymis
471 1059 587 1121 reddere
599 1050 741 1116 infensum
748 1052 818 1114 lieet
832 1071 845 1122 3

143 1160 233 1220 Suam
244 1161 296 1222 ille
308 1181 426 1244 gentem
438 1162 549 1235 ,aliena
561 1159 713 1220 serranum
724 1155 802 1216 saera

144 1265 182 1326 Et
191 1264 261 1347 saepe
271 1283 364 1327 totam
376 1284 493 1347 propter
504 1264 666 1342 aliquorum
676 1260 765 1335 scelus

142 1370 206 1429 'Aut
215 1370 274 1449 ipse
288 1371 386 1450 pleeit
396 1411 406 1443 ‚
417 1388 465 1430 aut
474 1389 525 1450 per
533 1367 650 1427 hostiles
658 1383 735 1426 amat

144 1472 251 1534 Punite
260 1474 381 1554 gladios.
395 1476 495 1552 Quam
508 1472 581 1533 mihi
592 1473 628 1533 ad
636 1472 772 1550 Solymos
782 1465 865 1531 viam
956 1506 960 1513 ·

93 1598 101 1601 ·
144 1577 266 1657 Aperit,
278 1576 433 1656 sequamur.
449 1582 603 1659 Quotquot
611 1578 643 1637 in
649 1575 754 1640 vinclis
766 1574 863 1656 jaeem

146 1680 239 1741 Cultu
250 1701 372 1744 avocare
382 1684 475 1762 patrio
485 1684 606 1745 Isaeidas
618 1683 714 1765 juvat,

93 1840 95 1845 .
145 1780 210 1844 Huc
221 1802 279 1846 arte
289 1786 368 1868 genti
376 1785 554 1848 fietinfensus
563 1786 615 1847 suae

145 1887 233 1947 Deus
242 1888 294 1950 ille
302 1889 410 1952 vindex
420 1933 430 1964 ,
441 1892 494 1952 ilie
507 1891 715 1964 rivalisDeu33

143 1989 295 2070 Ipsamque
309 1996 414 2069 nobis,
427 2013 460 2056 ut
470 2017 539 2058 meo
549 1996 694 2074 quondam
709 1997 783 2077 'patri
810 2028 812 2031 ·

145 2095 214 2153 Fora
226 2097 400 2174 puniendam
412 2096 525 2169 tradetr
536 2119 570 2158 ae
582 2098 700 2158 tandem.
708 2097 785 2159 meis

144 2194 257 2263 Invitus
269 2197 343 2258 odiis
353 2198 478 2262 serviet..
491 2240 498 2255 .
512 2198 640 2270 Narbal,
651 2197 711 2258 cito

147 2280 267 2377 Capeffe
276 2300 342 2377 juffa
355 2306 366 2355 .“
376 2341 404 2359 ..
419 2301 544 2360 Carcere
555 2300 677 2361 inclusos
688 2300 736 2361 adi

147 2399 260 2459 Omnes
272 2401 415 2462 Hebraeos.
424 2398 519 2463 Thura
528 2403 577 2481 qui
588 2402 689 2464 nostris
700 2404 802 2466 volent

144 2499 274 2581 'Ariolere
288 2500 379 2575 divis,
396 2525 507 2566 earcere
517 2524 666 2587 exemptos
677 2507 771 2570 statim

144 2601 272 2664 Dimitte
286 2611 337 2677 3&
356 2605 393 2666 ad
403 2628 451 2668 me
458 2609 579 2669 nomina
591 2609 711 2672 illorum
721 2613 802 2675 refer.
812 2620 844 2675 .':
861 2596 874 2671 ,¹

145 2699 227 2766 Fiant
237 2706 344 2770 scelesti
353 2728 363 2781 ;
373 2726 405 2770 ur
418 2710 510 2794 gentis
524 2711 646 2775 exitium
659 2714 772 2777 trahant

146 2810 302 2893 Pereatque
318 2815 447 2895 Solyma,
456 2821 484 2876 δι
493 2835 544 2895 per
556 2815 636 2881 suum
647 2836 742 2902 pereat
749 2818 862 2894 Deum

450 2990 564 3080 'W
